<?xml version="1.0" encoding="UTF-8"?><record xmlns="http://www.loc.gov/MARC21/slim" xmlns:cinclude="http://apache.org/cocoon/include/1.0" xmlns:zs="http://www.loc.gov/zing/srw/">
  <leader>00870nz  a2200217n  4500</leader>
  <controlfield tag="001">no2013085107</controlfield>
  <controlfield tag="003">DLC</controlfield>
  <controlfield tag="005">20130810073526.0</controlfield>
  <controlfield tag="008">130809n| azannaabn          |n aaa     c</controlfield>
  <datafield tag="010" ind1=" " ind2=" ">
    <subfield code="a">no2013085107</subfield>
  </datafield>
  <datafield tag="035" ind1=" " ind2=" ">
    <subfield code="a">(OCoLC)oca09540702</subfield>
  </datafield>
  <datafield tag="040" ind1=" " ind2=" ">
    <subfield code="a">CtY-BR</subfield>
    <subfield code="b">eng</subfield>
    <subfield code="e">rda</subfield>
    <subfield code="c">CtY-BR</subfield>
  </datafield>
  <datafield tag="046" ind1=" " ind2=" ">
    <subfield code="f">1824</subfield>
    <subfield code="g">18941216</subfield>
  </datafield>
  <datafield tag="100" ind1="1" ind2=" ">
    <subfield code="a">Heartley, C. T.,</subfield>
    <subfield code="d">1824-1894</subfield>
  </datafield>
  <datafield tag="372" ind1=" " ind2=" ">
    <subfield code="a">Religion</subfield>
    <subfield code="2">lcsh</subfield>
  </datafield>
  <datafield tag="374" ind1=" " ind2=" ">
    <subfield code="a">Clergy</subfield>
    <subfield code="2">lcsh</subfield>
  </datafield>
  <datafield tag="375" ind1=" " ind2=" ">
    <subfield code="a">male</subfield>
  </datafield>
  <datafield tag="377" ind1=" " ind2=" ">
    <subfield code="a">eng</subfield>
  </datafield>
  <datafield tag="378" ind1=" " ind2=" ">
    <subfield code="q">Charles Tebbott</subfield>
  </datafield>
  <datafield tag="670" ind1=" " ind2=" ">
    <subfield code="a">Our cathedrals and their mission, 1855:</subfield>
    <subfield code="b">title page (Rev. C.T. Heartley, M.A., assistant curate of Kemerton)</subfield>
  </datafield>
  <datafield tag="670" ind1=" " ind2=" ">
    <subfield code="a">British biographical archive via World biographical information system online, 5 August 2013</subfield>
    <subfield code="b">(Heartley, Charles Tebbott; born 1824; died 16 December 1894 at Cheveley rectory; curate of Kemerton near Tewkesbury, 1849-56; reverend of Cheveley near Newmarket, 1878-94)</subfield>
  </datafield>
</record>